% This file was created with Citavi 6.17.0.0

@inproceedings{dosReis.2016,
 author = {{dos Reis}, Denis Moreira and Flach, Peter and Matwin, Stan and Batista, Gustavo},
 title = {Fast Unsupervised Online Drift Detection Using Incremental Kolmogorov-Smirnov Test},
 pages = {1545--1554},
 publisher = {{Association for Computing Machinery}},
 isbn = {9781450342322},
 editor = {Krishnapuram, Balaji and Shah, Mohak and Smola, Alex and Aggarwal, Charu and Shen, Dou and Rastogi, Rajeev},
 booktitle = {KDD '16},
 year = {2016},
 address = {New York},
 doi = {10.1145/2939672.2939836},
 file = {dos Reis, Flach et al. 08132016 - Fast Unsupervised Online Drift Detection:Attachments/dos Reis, Flach et al. 08132016 - Fast Unsupervised Online Drift Detection.pdf:application/pdf}
}


