@inproceedings{wang2020detecting,
  title={Detecting Implementation Bugs in Graph Convolutional Network based Node Classifiers},
  author={Wang, Yiwei and Wang, Wei and Ca, Yujun and Hooi, Bryan and Ooi, Beng Chin},
  booktitle={2020 IEEE 31st International Symposium on Software Reliability Engineering (ISSRE)},
  pages={313--324},
  year={2020},
  organization={IEEE}
}


@inproceedings{hundman2018detecting,
  title={Detecting spacecraft anomalies using lstms and nonparametric dynamic thresholding},
  author={Hundman, Kyle and Constantinou, Valentino and Laporte, Christopher and Colwell, Ian and Soderstrom, Tom},
  booktitle={Proceedings of the 24th ACM SIGKDD international conference on knowledge discovery \& data mining},
  pages={387--395},
  year={2018}
}

@inproceedings{goh2016dataset,
  title={A dataset to support research in the design of secure water treatment systems},
  author={Goh, Jonathan and Adepu, Sridhar and Junejo, Khurum Nazir and Mathur, Aditya},
  booktitle={International conference on critical information infrastructures security},
  pages={88--99},
  year={2016},
  organization={Springer}
}

@inproceedings{lim2020stp,
  title={STP-UDGAT: Spatial-Temporal-Preference User Dimensional Graph Attention Network for Next POI Recommendation},
  author={Lim, Nicholas and Hooi, Bryan and Ng, See-Kiong and Wang, Xueou and Goh, Yong Liang and Weng, Renrong and Varadarajan, Jagannadan},
  booktitle={Proceedings of the 29th ACM International Conference on Information \& Knowledge Management},
  pages={845--854},
  year={2020}
}

@inproceedings{zhou2019beatgan,
  title={BeatGAN: Anomalous Rhythm Detection using Adversarially Generated Time Series.},
  author={Zhou, Bin and Liu, Shenghua and Hooi, Bryan and Cheng, Xueqi and Ye, Jing},
  booktitle={IJCAI},
  pages={4433--4439},
  year={2019}
}

@article{kobourov2012spring,
  title={Spring embedders and force directed graph drawing algorithms},
  author={Kobourov, Stephen G},
  journal={arXiv preprint arXiv:1201.3011},
  year={2012}
}
@inproceedings{siffer2017anomaly,
  title={Anomaly detection in streams with extreme value theory},
  author={Siffer, Alban and Fouque, Pierre-Alain and Termier, Alexandre and Largouet, Christine},
  booktitle={Proceedings of the 23rd ACM SIGKDD International Conference on Knowledge Discovery and Data Mining},
  pages={1067--1075},
  year={2017}
}
@inproceedings{paszke2017automatic,
  title={Automatic differentiation in PyTorch},
  author={Paszke, Adam and Gross, Sam and Chintala, Soumith and Chanan, Gregory and Yang, Edward and DeVito, Zachary and Lin, Zeming and Desmaison, Alban and Antiga, Luca and Lerer, Adam},
  booktitle={NIPS-W},
  year={2017}
}


@inproceedings{breunig2000lof,
  title={LOF: identifying density-based local outliers},
  author={Breunig, Markus M and Kriegel, Hans-Peter and Ng, Raymond T and Sander, J{\"o}rg},
  booktitle={Proceedings of the 2000 ACM SIGMOD international conference on Management of data},
  pages={93--104},
  year={2000}
}



@article{arima_1,
  title={Statistics-based outlier detection for wireless sensor networks},
  author={Zhang, Yang and Hamm, Nicholas AS and Meratnia, Nirvana and Stein, Alfred and Van De Voort, M and Havinga, Paul JM},
  journal={International Journal of Geographical Information Science},
  volume={26},
  number={8},
  pages={1373--1392},
  year={2012},
  publisher={Taylor \& Francis}
}

@article{arima_2,
  title={A data quality control method for seafloor observatories: the application of observed time series data in the East China Sea},
  author={Zhou, Yusheng and Qin, Rufu and Xu, Huiping and Sadiq, Shazia and Yu, Yang},
  journal={Sensors},
  volume={18},
  number={8},
  pages={2628},
  year={2018},
  publisher={Multidisciplinary Digital Publishing Institute}
}

@article{cnn_deepant,
  title={DeepAnT: A deep learning approach for unsupervised anomaly detection in time series},
  author={Munir, Mohsin and Siddiqui, Shoaib Ahmed and Dengel, Andreas and Ahmed, Sheraz},
  journal={IEEE Access},
  volume={7},
  pages={1991--2005},
  year={2018},
  publisher={IEEE}
}

@article{lstm_1,
  title={Multivariate industrial time series with cyber-attack simulation: Fault detection using an lstm-based predictive data model},
  author={Filonov, Pavel and Lavrentyev, Andrey and Vorontsov, Artem},
  journal={arXiv preprint arXiv:1612.06676},
  year={2016}
}

@inproceedings{lstm_2,
  title={Detecting spacecraft anomalies using lstms and nonparametric dynamic thresholding},
  author={Hundman, Kyle and Constantinou, Valentino and Laporte, Christopher and Colwell, Ian and Soderstrom, Tom},
  booktitle={Proceedings of the 24th ACM SIGKDD international conference on knowledge discovery \& data mining},
  pages={387--395},
  year={2018}
}

@article{gan_1,
  title={Real-valued (medical) time series generation with recurrent conditional gans},
  author={Esteban, Crist{\'o}bal and Hyland, Stephanie L and R{\"a}tsch, Gunnar},
  journal={arXiv preprint arXiv:1706.02633},
  year={2017}
}


@article{pgm_1,
  title={Learning graphical models for stationary time series},
  author={Bach, Francis R and Jordan, Michael I},
  journal={IEEE transactions on signal processing},
  volume={52},
  number={8},
  pages={2189--2199},
  year={2004},
  publisher={IEEE}
}

@article{pgm_2,
  title={Bayesian structure learning for stationary time series},
  author={Tank, Alex and Foti, Nicholas and Fox, Emily},
  journal={arXiv preprint arXiv:1505.03131},
  year={2015}
}

@article{traffic_1,
  title={Multi-range attentive bicomponent graph convolutional network for traffic forecasting},
  author={Chen, Weiqi and Chen, Ling and Xie, Yu and Cao, Wei and Gao, Yusong and Feng, Xiaojie},
  journal={arXiv preprint arXiv:1911.12093},
  year={2019}
}

@article{traffic_2,
  title={Spatio-temporal graph convolutional networks: A deep learning framework for traffic forecasting},
  author={Yu, Bing and Yin, Haoteng and Zhu, Zhanxing},
  journal={arXiv preprint arXiv:1709.04875},
  year={2017}
}

@inproceedings{traffic_3,
  title={Gman: A graph multi-attention network for traffic prediction},
  author={Zheng, Chuanpan and Fan, Xiaoliang and Wang, Cheng and Qi, Jianzhong},
  booktitle={Proceedings of the AAAI Conference on Artificial Intelligence},
  volume={34},
  number={01},
  pages={1234--1241},
  year={2020}
}


@article{recommend_1,
  title={Convolutional 2d knowledge graph embeddings},
  author={Dettmers, Tim and Minervini, Pasquale and Stenetorp, Pontus and Riedel, Sebastian},
  journal={arXiv preprint arXiv:1707.01476},
  year={2017}
}

@article{survey_timeseries,
  title={A review on outlier/anomaly detection in time series data},
  author={Bl{\'a}zquez-Garc{\'\i}a, Ane and Conde, Angel and Mori, Usue and Lozano, Jose A},
  journal={arXiv preprint arXiv:2002.04236},
  year={2020}
}

@article{lstmvae,
  title={A multimodal anomaly detector for robot-assisted feeding using an lstm-based variational autoencoder},
  author={Park, Daehyung and Hoshi, Yuuna and Kemp, Charles C},
  journal={IEEE Robotics and Automation Letters},
  volume={3},
  number={3},
  pages={1544--1551},
  year={2018},
  publisher={IEEE}
}

@inproceedings{dagmm,
  title={Deep autoencoding gaussian mixture model for unsupervised anomaly detection},
  author={Zong, Bo and Song, Qi and Min, Martin Renqiang and Cheng, Wei and Lumezanu, Cristian and Cho, Daeki and Chen, Haifeng},
  booktitle={International Conference on Learning Representations},
  year={2018}
}


@inproceedings{li2019mad,
  title={MAD-GAN: Multivariate anomaly detection for time series data with generative adversarial networks},
  author={Li, Dan and Chen, Dacheng and Jin, Baihong and Shi, Lei and Goh, Jonathan and Ng, See-Kiong},
  booktitle={International Conference on Artificial Neural Networks},
  pages={703--716},
  year={2019},
  organization={Springer}
}


@article{luo2020deep,
  title={Deep Learning-Based Anomaly Detection in Cyber-Physical Systems: Progress and Opportunities},
  author={Luo, Yuan and Xiao, Ya and Cheng, Long and Peng, Guojun and Yao, Danfeng Daphne},
  journal={arXiv preprint arXiv:2003.13213},
  year={2020}
}

@article{gornitz2013toward,
  title={Toward supervised anomaly detection},
  author={G{\"o}rnitz, Nico and Kloft, Marius and Rieck, Konrad and Brefeld, Ulf},
  journal={Journal of Artificial Intelligence Research},
  volume={46},
  pages={235--262},
  year={2013}
}

@inproceedings{hautamaki2004outlier,
  title={Outlier detection using k-nearest neighbour graph},
  author={Hautamaki, Ville and Karkkainen, Ismo and Franti, Pasi},
  booktitle={Proceedings of the 17th International Conference on Pattern Recognition, 2004. ICPR 2004.},
  volume={3},
  pages={430--433},
  year={2004},
  organization={IEEE}
}


@inproceedings{gcnn,
  title={Convolutional neural networks on graphs with fast localized spectral filtering},
  author={Defferrard, Micha{\"e}l and Bresson, Xavier and Vandergheynst, Pierre},
  booktitle={Advances in neural information processing systems},
  pages={3844--3852},
  year={2016}
}

@article{gcn,
  title={Semi-supervised classification with graph convolutional networks},
  author={Kipf, Thomas N and Welling, Max},
  journal={arXiv preprint arXiv:1609.02907},
  year={2016}
}

@inproceedings{relationalgcn,
  title={Modeling relational data with graph convolutional networks},
  author={Schlichtkrull, Michael and Kipf, Thomas N and Bloem, Peter and Van Den Berg, Rianne and Titov, Ivan and Welling, Max},
  booktitle={European Semantic Web Conference},
  pages={593--607},
  year={2018},
  organization={Springer}
}

@article{gat,
  title={Graph attention networks},
  author={Veli{\v{c}}kovi{\'c}, Petar and Cucurull, Guillem and Casanova, Arantxa and Romero, Adriana and Lio, Pietro and Bengio, Yoshua},
  journal={arXiv preprint arXiv:1710.10903},
  year={2017}
}

@article{granger,
  title={Wiener--Granger causality: a well established methodology},
  author={Bressler, Steven L and Seth, Anil K},
  journal={Neuroimage},
  volume={58},
  number={2},
  pages={323--329},
  year={2011},
  publisher={Elsevier}
}

@techreport{pca,
  title={A novel anomaly detection scheme based on principal component classifier},
  author={Shyu, Mei-Ling and Chen, Shu-Ching and Sarinnapakorn, Kanoksri and Chang, LiWu},
  year={2003},
  institution={MIAMI UNIV CORAL GABLES FL DEPT OF ELECTRICAL AND COMPUTER ENGINEERING}
}

@article{oneclasssvm,
  title={Estimating the support of a high-dimensional distribution},
  author={Sch{\"o}lkopf, Bernhard and Platt, John C and Shawe-Taylor, John and Smola, Alex J and Williamson, Robert C},
  journal={Neural computation},
  volume={13},
  number={7},
  pages={1443--1471},
  year={2001},
  publisher={MIT Press}
}

@inproceedings{knn,
  title={Fast outlier detection in high dimensional spaces},
  author={Angiulli, Fabrizio and Pizzuti, Clara},
  booktitle={European conference on principles of data mining and knowledge discovery},
  pages={15--27},
  year={2002},
  organization={Springer}
}

@article{lstmencoder,
  title={A dual-stage attention-based recurrent neural network for time series prediction},
  author={Qin, Yao and Song, Dongjin and Chen, Haifeng and Cheng, Wei and Jiang, Guofei and Cottrell, Garrison},
  journal={arXiv preprint arXiv:1704.02971},
  year={2017}
}

@inproceedings{dgmm,
  title={Deep autoencoding gaussian mixture model for unsupervised anomaly detection},
  author={Zong, Bo and Song, Qi and Min, Martin Renqiang and Cheng, Wei and Lumezanu, Cristian and Cho, Daeki and Chen, Haifeng},
  booktitle={International Conference on Learning Representations},
  year={2018}
}

@inproceedings{autoencoding,
  title={Outlier analysis},
  author={Aggarwal, Charu C},
  booktitle={Data mining},
  pages={237--263},
  year={2015},
  organization={Springer}
}

@article{vae,
  title={Auto-encoding variational bayes},
  author={Kingma, Diederik P and Welling, Max},
  journal={arXiv preprint arXiv:1312.6114},
  year={2013}
}

@inproceedings{dataset_swat,
  title={SWaT: a water treatment testbed for research and training on ICS security},
  author={Mathur, Aditya P and Tippenhauer, Nils Ole},
  booktitle={2016 International Workshop on Cyber-physical Systems for Smart Water Networks (CySWater)},
  pages={31--36},
  year={2016},
  organization={IEEE}
}

@inproceedings{dataset_wadi,
  title={WADI: a water distribution testbed for research in the design of secure cyber physical systems},
  author={Ahmed, Chuadhry Mujeeb and Palleti, Venkata Reddy and Mathur, Aditya P},
  booktitle={Proceedings of the 3rd International Workshop on Cyber-Physical Systems for Smart Water Networks},
  pages={25--28},
  year={2017}
}

@article{tsne,
  title={Visualizing data using t-SNE},
  author={Maaten, Laurens van der and Hinton, Geoffrey},
  journal={Journal of machine learning research},
  volume={9},
  number={Nov},
  pages={2579--2605},
  year={2008}
}

@article{iqr,
  title={An introduction to genetic statistics.},
  author={Kempthorne, Oscar},
  year={1957},
  publisher={Wiley}
}

@inproceedings{Fey/Lenssen/2019,
  title={Fast Graph Representation Learning with {PyTorch Geometric}},
  author={Fey, Matthias and Lenssen, Jan E.},
  booktitle={ICLR Workshop on Representation Learning on Graphs and Manifolds},
  year={2019},
}

@inproceedings{featurebagging,
  title={Feature bagging for outlier detection},
  author={Lazarevic, Aleksandar and Kumar, Vipin},
  booktitle={Proceedings of the eleventh ACM SIGKDD international conference on Knowledge discovery in data mining},
  pages={157--166},
  year={2005}
}
@article{graphsurvey,
  title={Graph based anomaly detection and description: a survey},
  author={Akoglu, Leman and Tong, Hanghang and Koutra, Danai},
  journal={Data mining and knowledge discovery},
  volume={29},
  number={3},
  pages={626--688},
  year={2015},
  publisher={Springer}
}

@inproceedings{akoglu2010oddball,
  title={Oddball: Spotting anomalies in weighted graphs},
  author={Akoglu, Leman and McGlohon, Mary and Faloutsos, Christos},
  booktitle={Pacific-Asia Conference on Knowledge Discovery and Data Mining},
  pages={410--421},
  year={2010},
  organization={Springer}
}

@inproceedings{henderson2010metric,
  title={Metric forensics: a multi-level approach for mining volatile graphs},
  author={Henderson, Keith and Eliassi-Rad, Tina and Faloutsos, Christos and Akoglu, Leman and Li, Lei and Maruhashi, Koji and Prakash, B Aditya and Tong, Hanghang},
  booktitle={Proceedings of the 16th ACM SIGKDD international conference on Knowledge discovery and data mining},
  pages={163--172},
  year={2010}
}

@inproceedings{ding2012intrusion,
  title={Intrusion as (anti) social communication: characterization and detection},
  author={Ding, Qi and Katenka, Natallia and Barford, Paul and Kolaczyk, Eric and Crovella, Mark},
  booktitle={Proceedings of the 18th ACM SIGKDD international conference on Knowledge discovery and data mining},
  pages={886--894},
  year={2012}
}

@article{taskar2012discriminative,
  title={Discriminative probabilistic models for relational data},
  author={Taskar, Ben and Abbeel, Pieter and Koller, Daphne},
  journal={arXiv preprint arXiv:1301.0604},
  year={2012}
}

@inproceedings{friedman1999learning,
  title={Learning probabilistic relational models},
  author={Friedman, Nir and Getoor, Lise and Koller, Daphne and Pfeffer, Avi},
  booktitle={IJCAI},
  volume={99},
  pages={1300--1309},
  year={1999}
}

@inproceedings{neville2003learning,
  title={Learning relational probability trees},
  author={Neville, Jennifer and Jensen, David and Friedland, Lisa and Hay, Michael},
  booktitle={Proceedings of the ninth ACM SIGKDD international conference on Knowledge discovery and data mining},
  pages={625--630},
  year={2003}
}
